@book{Purcell1988,
  title={Electricidad y magnetismo},
  author={Purcell, E.M.},
  series={Berkeley physics course},
  year={1988},
  publisher={Revert{\'e}}
}

@book{Crawford1994,
  title={Ondas},
  author={Crawford, F.S.},
  number={Vol. 3},
  series={Berkeley Physics Course},
  year={1994},
  publisher={Revert{\'e}}
}

@book{Alonso1998,
  title={F{\'\i}sica: Campos y ondas},
  author={Alonso, M. and Finn, E.J. and Heras, C.A. and Araujo, J.A.B.},
  number={v. 2},
  series={F{\'\i}sica},
  year={1998},
  publisher={Pearson Educaci{\'o}n}
}

@book{Jenkins2001,
  title={Fundamentals of Optics},
  author={Jenkins, F. and White, H.},
  year={2001},
  publisher={McGraw-Hill Education}
}

@book{Hecht1986,
    title={Optica},
    author={Hecht, E. and Zajac A.},
    publisher={Addison-Wesley Iberoamericana}
}

@book{Trelles1984,
  title={Temas de electricidad y magnetismo},
  author={Trelles, F.R.},
  series={Ediciones previas},
  year={1984},
  publisher={EUDEBA}
}

@book{Reitz1996,
  title={Fundamentos de la teor{\'\i}a electromagn{\'e}tica},
  author={Reitz, J.R. and Milford, F.J. and Christy, R.W.},
  series={Pearson Educaci{\'o}n},
  year={1996},
  publisher={Pearson Educaci{\'o}n}
}

@book{Sears2005,
  title={F{\'\i}sica universitaria: con f{\'\i}sica moderna},
  author={Sears, F.W. and Ford, A.L. and Freedman, R.A.},
  number={v. 2},
  series={F{\'\i}sica universitaria: con f{\'\i}sica moderna},
  year={2005},
  publisher={Pearson Educaci{\'o}n}
}

